<record><leader>00000cas a22000007a 4500</leader><controlfield tag="001">13273448</controlfield><controlfield tag="008">860308d196919uuutubr ne      0    0eng d</controlfield><datafield ind1=" " ind2=" " tag="010"><subfield code="a">sn 86091205 </subfield></datafield><datafield ind1=" " ind2=" " tag="040"><subfield code="a">UNP</subfield><subfield code="b">eng</subfield><subfield code="c">UNP</subfield><subfield code="d">OCL</subfield><subfield code="d">OCLCQ</subfield></datafield><datafield ind1=" " ind2=" " tag="042"><subfield code="a">msc</subfield></datafield><datafield ind1=" " ind2="4" tag="050"><subfield code="a">AN2.U8</subfield><subfield code="b">C46</subfield></datafield><datafield ind1="0" ind2=" " tag="130"><subfield code="a">Central City news (Salt Lake City, Utah : 1969)</subfield></datafield><datafield ind1="1" ind2="0" tag="245"><subfield code="a">Central City news.</subfield></datafield><datafield ind1=" " ind2=" " tag="260"><subfield code="a">[Salt Lake City, Utah] :</subfield><subfield code="b">Central City News, Inc.,</subfield><subfield code="c">1969-</subfield></datafield><datafield ind1=" " ind2=" " tag="300"><subfield code="a">v. :</subfield><subfield code="b">ill. ;</subfield><subfield code="c">44 cm.</subfield></datafield><datafield ind1=" " ind2=" " tag="310"><subfield code="a">Bimonthly</subfield></datafield><datafield ind1="0" ind2=" " tag="362"><subfield code="a">Vol. 1, no. 1 (June 18, 1969)-</subfield></datafield><datafield ind1=" " ind2=" " tag="500"><subfield code="a">"All power to the people."</subfield></datafield><datafield ind1=" " ind2=" " tag="515"><subfield code="a">Suspended &lt;-May 1969&gt;; then resumed publication with new numbering in June 1969.</subfield></datafield><datafield ind1=" " ind2=" " tag="752"><subfield code="a">United States</subfield><subfield code="b">Utah</subfield><subfield code="c">Salt Lake</subfield><subfield code="d">Salt Lake City.</subfield></datafield><datafield ind1="0" ind2="0" tag="780"><subfield code="t">Central City news (Salt Lake City, Utah : 1967)</subfield><subfield code="w">(DLC)sn 86091202</subfield><subfield code="w">(OCoLC)13211624</subfield></datafield></record>